@article{Belayneh_2020,
   title={Calorimetry with deep learning: particle simulation and reconstruction for collider physics},
   volume={80},
   ISSN={1434-6052},
   url={http://dx.doi.org/10.1140/epjc/s10052-020-8251-9},
   DOI={10.1140/epjc/s10052-020-8251-9},
   number={7},
   journal={The European Physical Journal C},
   publisher={Springer Science and Business Media LLC},
   author={Belayneh, Dawit and Carminati, Federico and Farbin, Amir and Hooberman, Benjamin and Khattak, Gulrukh and Liu, Miaoyuan and Liu, Junze and Olivito, Dominick and Pacela, Vit√≥ria Barin and Pierini, Maurizio and Schwing, Alexander and Spiropulu, Maria and Vallecorsa, Sofia and Vlimant, Jean-Roch and Wei, Wei and Zhang, Matt},
   year={2020},
   month=jul },

@article{Di_Bello_2021,
   title={Towards a computer vision particle flow},
   volume={81},
   ISSN={1434-6052},
   url={http://dx.doi.org/10.1140/epjc/s10052-021-08897-0},
   DOI={10.1140/epjc/s10052-021-08897-0},
   number={2},
   journal={The European Physical Journal C},
   publisher={Springer Science and Business Media LLC},
   author={Di Bello, Francesco Armando and Ganguly, Sanmay and Gross, Eilam and Kado, Marumi and Pitt, Michael and Santi, Lorenzo and Shlomi, Jonathan},
   year={2021},
   month=feb },

@article{PhysRevD.108.052002,
  title = {Reconstruction of decays to merged photons using end-to-end deep learning with domain continuation in the CMS detector},
  author = {Tumasyan, A. and others},
  collaboration = {CMS Collaboration},
  journal = {Phys. Rev. D},
  volume = {108},
  issue = {5},
  pages = {052002},
  numpages = {34},
  year = {2023},
  month = {Sep},
  publisher = {American Physical Society},
  doi = {10.1103/PhysRevD.108.052002},
  url = {https://link.aps.org/doi/10.1103/PhysRevD.108.052002}
}